@misc{aws_2021,
  author = {{Amazon Web Services, Inc.}},
  title = {AWS Step Functions | Serverless Microservice Orchestration | Amazon Web Services},
  url = {https://aws.amazon.com/step-functions/?step-functions.sort-by=item.additionalFields.postDateTime&step-functions.sort-order=desc},
  urldate = {2021-08-12},
  year = {2021},
  organization = {Amazon Web Services, Inc.}
}

@misc{richter_2021,
  author = {Richter, Felix},
  month = {07},
  publisher = {Statista},
  title = {Infographic: Amazon Dominates Public Cloud Market},
  url = {https://www.statista.com/chart/18819/worldwide-market-share-of-leading-cloud-infrastructure-service-providers/},
  year = {2021},
  organization = {Statista Infographics}
}

@misc{python_2021,
  author = {{Python Software Foundation}},
  title = {Programming FAQ — Python 3.9.6 documentation},
  url = {https://docs.python.org/3/faq/programming.html#is-there-an-equivalent-of-c-s-ternary-operator},
  urldate = {2021-08-09},
  year = {2021},
  organization = {Python Software Foundation}
}

@misc{aws_2021b,
  author = {{Amazon Web Services, Inc.}},
  title = {{interface LambdaInvokeProps · AWS CDK}},
  url = {https://docs.aws.amazon.com/cdk/api/latest/docs/@aws-cdk_aws-stepfunctions-tasks.LambdaInvokeProps.html#retryonserviceexceptions},
  urldate = {2021-08-09},
  year = {2021},
  organization = {aws-refdocs.s3-website-us-east-1.amazonaws.com}
}

@misc{fowler_2018,
  author = {Fowler, Martin},
  title = {Catalog of Refactorings},
  url = {https://refactoring.com/catalog/},
  urldate = {2021-08-08},
  year = {2018},
  organization = {refactoring.com}
}

@misc{microsoft_2021,
  author = {Microsoft},
  title = {TypeScript - JavaScript that scales.},
  url = {https://www.typescriptlang.org/},
  year = {2021},
  organization = {Typescriptlang.org}
}

@misc{facebook_2019,
  author = {{Facebook Inc.}},
  title = {React – A JavaScript library for building user interfaces},
  url = {https://reactjs.org/},
  year = {2019},
  organization = {Reactjs.org}
}

@misc{stackexchangeinc_2021,
  author = {{Stack Exchange Inc.}},
  title = {Stack Overflow Developer Survey 2021},
  url = {https://insights.stackoverflow.com/survey/2021},
  year = {2021},
  organization = {Stack Overflow}
}

@misc{young_2018,
  author = {Young, Valerie},
  month = {04},
  title = {10 Steps You Can Use to Overcome Impostor Syndrome},
  url = {https://impostorsyndrome.com/10-steps-overcome-impostor/},
  year = {2018},
  organization = {Impostor Syndrome}
}

@article{scanlan_2021,
  author = {Scanlan, Luke},
  month = {08},
  title = {Reflective Log},
  year = {2021},
  journal = {}
}